2100 3682
849 169 1149 259 Collegium
1188 169 1260 233 V.
1809 176 1941 249 103

111 358 118 371 ‘
210 362 379 420 xum,
421 343 746 400 Navaretta
790 338 929 401 teste
982 341 1093 423 (ς.
1144 340 1306 424 39.)
1353 331 1621 395 litteratis
1663 331 1939 394 Christia-

205 429 287 487 nis
331 425 562 487 admilit.
655 428 842 484 Fuere
876 443 1109 502 tamen,
1156 422 1257 506 qui
1314 419 1470 499 prius
1509 419 1695 494 illud,
1743 419 1937 478 minus

204 510 435 571 solenne
496 511 727 571 rituum
803 528 989 588 genus
1071 504 1472 589 superstitione
1564 502 1938 586 inquinatum

207 591 569 657 affirmarim.
677 601 895 654 Eorum
960 595 1081 653 haec
1141 605 1441 651 momenta
1479 585 1624 654 sunt.
1710 588 1939 668 LocuS,

211 681 268 740 in
302 698 422 762 quo
471 679 618 738 ritus
653 694 1011 761 peraguntur
1045 724 1061 753 ,
1102 677 1368 757 templmn
1389 719 1408 745 ‚
1452 678 1543 737 vel
1579 670 1786 751 capella
1820 669 1936 748 est,

213 779 562 846 propterea,
633 762 790 846 quod
850 760 1172 822 idololatrae
1227 760 1326 819 sua
1390 754 1563 819 etiam
1605 763 1761 816 Fana
1793 775 1940 815 voce

215 845 372 908 Mzsszo
409 841 727 929 appellentf
771 847 878 906 Sed
897 844 1365 905 confiderandum
1386 860 1533 919 erat,
1552 862 1762 903 vocem
1785 839 1940 901 Miao

211 950 283 992 ex
331 928 428 988 sua
478 930 850 1008 institutione,
895 929 954 988 &
981 948 1301 1013 antequam
1336 927 1660 989 idololatrae
1706 929 1762 985 in
1806 927 1942 984 Chi-

216 1033 352 1076 nam
402 1014 719 1090 venissent,
786 1013 1100 1096 palatium,
1161 1012 1352 1073 aulam
1382 1059 1400 1089 ,
1445 1008 1833 1097 gvmnafium‚
1881 1008 1946 1070 δε

211 1099 484 1157 Schoiam
537 1099 896 1179 significalse‚
944 1101 1153 1182 (2οι)
1198 1097 1442 1180 proinde
1484 1087 1688 1155 abusus
1724 1095 1791 1151 ab
1825 1092 1945 1151 ido-

214 1183 436 1245 lolatris
502 1183 814 1260 indutias,
885 1202 1094 1265 parum
1153 1183 1466 1266 prudenter
1526 1181 1595 1239 ad
1654 1178 1942 1238 litteratos

209 1266 468 1326 Sinenses
529 1267 875 1331 traducitur.
980 1268 1188 1342 Adde,
1260 1266 1422 1350 quod
1485 1264 1683 1340 lOCUS,
1728 1265 1786 1322 in
1821 1279 1944 1344 quo

212 1351 461 1410 honores
505 1348 795 1410 Confucio
833 1351 1200 1429 exhibentur,
1242 1370 1363 1411 non
1403 1349 1740 1433 fimpliciter
1757 1345 1945 1420 Mino,

211 1433 302 1495 sed
343 1434 540 1493 addito
591 1433 710 1496 Vc’n
749 1436 975 1495 dicatur
1009 1433 1355 1497 *Vere-Mino
1383 1482 1399 1510 ,
1452 1437 1650 1513 (202)
1698 1432 1812 1490 hoc
1848 1430 1948 1504 est,

214 1539 283 1580 uc
349 1519 524 1600 paulo
570 1537 703 1578 ante
755 1538 828 1581 ex
875 1523 1210 1584 ,Navaretta
1265 1517 1624 1597 memoravi,
1667 1516 1760 1576 vel
1797 1533 1950 1575 tem-

219 1605 424 1687 plum,
494 1599 585 1659 vel
650 1603 780 1662 aula
815 1608 1148 1687 sapientise,
1194 1620 1294 1664 aut
1360 1597 1700 1685 eloquentiae.
1796 1601 1945 1659 Hinc

218 1691 442 1771 liquet,
510 1705 611 1747 nec
668 1680 962 1769 mensam,
1011 1693 1067 1749 in
1111 1710 1228 1775 qua
1271 1687 1541 1748 Confucii
1586 1684 1800 1747 tabella
1845 1703 1944 1744 ex*-

223 1772 496 1855 ponitur,
547 1770 754 1832 altaris
783 1818 800 1850 ‚
846 1794 949 1834 nec
1014 1773 1245 1834 accensa
1300 1773 1681 1836 odoramenta
1721 1785 1948 1829 cereos-

226 1873 378 1942 que,
421 1853 711 1934 Sacrzficii
743 1860 1034 1917 rotionem
1074 1860 1323 1935 habere,
1369 1874 1507 1916 cum
1535 1856 1683 1917 Sinae
1721 1853 1944 1914 nullam

186 1943 280 2002 ‘in
333 1939 621 2001 Confucio
668 1943 918 2001 numinis
975 1959 1204 2026 partem
1262 1940 1618 2023 agnoscant,
1660 1939 1948 2022 illumque

222 2046 293 2086 eo
357 2024 535 2084 modo
594 2024 791 2085 colant
818 2070 836 2102 ,
910 2046 1023 2109 ,luo
1091 2027 1282 2088 colere
1339 2025 1520 2086 solent
1567 2027 1730 2085 vivos
1767 2023 1950 2102 magi-

220 2111 395 2185 stros,
440 2128 614 2169 nemo
652 2126 845 2167 autem
884 2110 1051 2169 sanus
1109 2111 1203 2172 fibi
1236 2109 1631 2196 persuadebit,
1679 2125 1748 2166 ut
1784 2108 1950 2172 Sinas

219 2192 370 2253 vivis
438 2193 764 2253 hominibus
822 2191 1137 2255 sacrificare
1193 2197 1410 2258 credat.
1518 2199 1609 2254 De
1644 2193 1949 2267 oratione,

221 2296 339 2361 qua
378 2276 653 2336 Confucii
698 2276 891 2338 laudes
933 2279 1298 2340 celebrantur
1322 2327 1341 2356 ,
1389 2296 1648 2363 quamve
1688 2274 1949 2335 adversa-

220 2365 291 2422 rii
338 2363 472 2440 pias
521 2381 753 2448 preces,
798 2363 1008 2443 quibus
1063 2363 1337 2424 doeh-ina:
1373 2378 1802 2448 augumentum
1831 2408 1848 2434 ‚
1889 2359 1953 2419 δε

221 2444 557 2505 felicitatem
620 2447 775 2504 Sinas
841 2465 1038 2526 petere
1093 2448 1353 2508 arbitrati
1409 2448 1581 2528 sunt,
1628 2465 1746 2508 non
1803 2459 1956 2526 opus

225 2530 473 2610 tricari,
517 2549 652 2590 cum
691 2527 783 2591 vel
819 2530 940 2610 ipso
969 2534 1295 2593 Navaretta
1350 2531 1526 2609 teste,
1570 2529 1714 2591 nihil
1763 2526 1956 2598 aliud,

236 2632 414 2696 quam
498 2614 840 2696 panegyrim
918 2616 1219 2677 rhetoricis
1291 2614 1548 2679 flosculis
1612 2628 1959 2676 exornatam

233 2693 687 2781 completiatur.
835 2697 1096 2781 Superest
1145 2747 1167 2776 ,
1260 2720 1327 2762 ut
1417 2701 1488 2758 de
1585 2695 1957 2778 inscriptione

1014 2787 1072 2845 G
1124 2800 1168 2864 4
1730 2781 1880 2842 Χίη-

307 2962 477 3029 (201)
535 2961 960 3017 Vocabularium
1027 2964 1281 3019 Clzin-cu
1324 2965 1521 3020 diserte
1573 2985 1763 3020 vocem
1797 2967 1959 3020 Mino

448 3035 693 3102 explicat
731 3053 826 3103 per
866 3035 1156 3105 palatium,
1204 3040 1374 3091 aulam
1401 3080 1418 3106 ‚
1467 3040 1787 3108 gymnasium
1812 3083 1828 3105 ,
1869 3040 1962 3091 vel

443 3104 692 3160 scholam.
793 3110 855 3161 Et
903 3104 1098 3162 rituale
1155 3108 1386 3178 Ly-kz',
1427 3109 1560 3166 Lib.
1596 3130 1646 3180 ς.
1687 3107 1965 3165 constituit

442 3187 668 3247 quatuor
704 3178 908 3243 Μίαο,
947 3178 1003 3233 in
1046 3176 1242 3250 quibus
1281 3184 1643 3250 Imperatores
1677 3200 1773 3251 pro
1813 3179 1965 3236 varia

446 3248 572 3327 anni
628 3249 945 3317 tempestate
1013 3252 1258 3306 solebant
1306 3251 1590 3318 habitare,
1632 3253 1751 3324 quis
1789 3269 1963 3307 autem

446 3321 545 3374 fibi
611 3320 1004 3390 persuadebit,
1046 3326 1399 3392 Imperatores
1445 3325 1502 3380 in
1555 3319 1772 3393 templis
1810 3323 1966 3379 habi-

440 3391 609 3472 tasse?
652 3395 824 3459 (202)
867 3388 1165 3468 Gregorius
1195 3397 1363 3468 Lopez
1394 3395 1455 3452 in
1490 3397 1582 3452 suo
1620 3394 1879 3452 TraCtatu
1896 3397 1965 3450 de

460 3464 658 3521 ritibus
694 3464 867 3519 sinicis
890 3507 908 3533 ,
952 3467 1213 3537 positione
1253 3488 1304 3537 3.
