2100 3682
149 98 161 105 ’
216 116 338 186 248
652 99 912 189 Historia
962 94 1496 190 Controverfiarum

219 287 389 354 quam
403 260 563 343 fides
596 260 894 345 apostolica
915 266 1220 354 quidquam
1252 264 1597 345 decrevifflvh
1641 268 1925 352 ipszfispon-'s

220 368 282 413 te
301 350 415 428 sua
472 361 808 410 vetuerunt.
897 355 1035 422 Qua
1080 346 1151 404 de
1205 364 1269 404 re
1304 366 1420 406 non
1469 347 1652 409 solum
1700 355 1920 412 exstant

221 429 376 491 varia
416 428 1034 516 eorum‚aliorumque
1080 428 1328 512 scripta,
1374 438 1405 504 ζ
1420 437 1515 514 §§.
1557 441 1646 502 18.
1686 451 1784 498 20.
1821 449 1923 512 29.-

222 513 381 594 30‚)
422 509 530 566 Sed
573 511 738 593 iplius
786 514 958 574 etiam
1012 511 1178 572 sacrae
1229 514 1701 596 Congregaiionis
1757 518 1920 576 lucu-

221 599 447 658 lentum
479 593 864 655 testimonium
884 644 901 678 ‚
948 599 1057 656 hac
1089 594 1255 655 causa
1287 596 1495 659 diserte
1513 598 1701 657 addita
1723 647 1744 678 ,
1783 606 1917 688 quia

203 679 486 771 pleraque
524 704 598 744 ex
632 683 748 747 illis
769 723 786 756 ‚
827 708 952 772 quae
1000 680 1334 759 Christianis
1365 687 1760 768 permittenda
1812 705 1921 748 non

219 768 310 849 effi·
333 812 351 839 ,
386 767 539 843 ficut
567 772 991 843 praemittitur,
1037 769 1528 851 responstcmfuit,
1567 774 1675 851 iffi
1711 789 1921 860 quoque

193 854 268 932 fi’
298 871 586 935 uunquam
622 876 684 915 re
728 875 867 916 vera
890 854 1183 937 permisgffi
1219 852 1618 920 declararunt.
1640 862 1666 930 (
1683 861 1737 934 ξ.
1758 855 1924 933 53))

217 935 467 999 Proinde
505 949 608 989 aut
645 936 915 996 vecordes
955 935 1126 1010 sunt,
1169 936 1272 1015 qui
1306 933 1589 1006 judicium
1625 935 1789 995 fuum
1832 933 1925 1011 ju·

215 1017 368 1075 dicio
417 1017 893 1096 Congregationis
925 1034 1323 1098 anteponunt,
1371 1036 1472 1078 aut
1520 1020 1761 1079 omnino
1825 1036 1922 1076 ru-

212 1102 309 1178 des
337 1146 357 1176 ,
384 1101 501 1185 ‘qui
531 1101 774 1183 Jesuitas
799 1103 856 1162 in
894 1103 1106 1163 tuenda
1143 1100 1238 1159 sua
1277 1101 1554 1163 sententia
1577 1104 1914 1184 pervicaciae

212 1201 484 1263 arguunt,

393 1269 503 1339 IV.
554 1272 675 1335 Nec
718 1270 957 1353 Jeffuitae
997 1295 1250 1360 unquam
1290 1272 1537 1336 durante
1570 1273 1675 1336 lite
1694 1318 1712 1343 ,
1760 1289 1923 1334 man-

211 1356 371 1419 datis
406 1356 714 1437 apostolicis
746 1360 1084 1433 refrabfarii
1113 1370 1307 1417 eraut·
1388 1356 1543 1410 Nam
1580 1354 1777 1434 primae
1823 1353 1923 1410 de·

210 1436 584 1511 clarationes,
633 1435 691 1494 ὅ(
743 1436 1004 1518 responsa
1058 1434 1228 1494 sacrae
1284 1437 1794 1518 CongregationiS,
1843 1440 1913 1495 ab

206 1522 554 1580 Innocentio
589 1522 660 1581 X.
692 1521 753 1577 &
791 1520 1126 1580 Alexandro
1149 1521 1286 1579 VII.
1305 1521 1652 1596 confirmat-‘13
1673 1523 1845 1602 (§§.2
1868 1542 1916 1582 1.

208 1603 360 1685 23.)
443 1604 500 1660 in
554 1605 838 1662 utramvis
913 1604 1135 1686 partem
1213 1599 1639 1663 conditionibus
1703 1603 1922 1662 affeci-a:

209 1703 403 1759 erant,
488 1688 693 1768 Itaque
734 1686 973 1768 utrique
1012 1687 1161 1768 parti
1209 1704 1279 1744 ex
1320 1688 1460 1764 juris
1512 1707 1716 1746 norma
1776 1688 1925 1745 inte-

210 1789 382 1855 grum
420 1768 570 1847 fuit,
617 1768 822 1830 Sedem
855 1755 1224 1853 'apostolicam
1263 1768 1584 1851 appellare.
1671 1772 1786 1830 Ubi
1824 1768 1922 1828 vel·

208 1876 276 1914 ro
309 1855 573 1915 Clemens
612 1856 720 1919 IX.
751 1856 864 1936 (ς.
891 1863 1037 1937 30.)
1074 1851 1422 1913 decessorum
1458 1853 1690 1913 suorum
1725 1857 1922 1914 decre-

212 1955 273 1997 ta
316 1959 436 1999 rata
483 1939 679 1997 habuit
714 1960 820 2021 pro
844 1939 1061 1999 diversa
1098 1940 1319 1998 ratione
1352 1947 1779 2025 expcsstorum,
1815 1957 1918 1997 nec

209 2020 479 2107 JesuitiS,
528 2041 633 2082 nec
675 2022 1002 2083 adversariis
1036 2022 1221 2082 fraudi
1257 2040 1417 2097 erat,
1461 2024 1643 2099 hane,
1690 2020 1924 2083 illamve

210 2110 282 2164 de
321 2107 524 2166 ritibus
565 2107 904 2166 sententiam
940 2107 1117 2190 sequi.
1202 2104 1396 2165 Postea
1441 2124 1670 2182 autem,
1741 2126 1918 2188 quam

208 2191 526 2251 Clementis
580 2192 684 2253 XI.
742 2193 1062 2252 Decretum
1126 2191 1181 2249 in
1234 2189 1480 2247 Chinam
1538 2186 1810 2264 allatum,
1862 2189 1922 2249 ὅ(

214 2275 437 2357 ῘεΓιιίῑίε
484 2293 586 2356 per
628 2274 1036 2347 Castoranum,
1087 2274 1335 2354 episcopi
1389 2274 1706 2332 Pekinensis
1749 2275 1924 2331 ‘Vica-

208 2345 405 2436 rium,
450 2360 508 2418 in
565 2361 718 2440 regia
773 2360 912 2419 urbe
971 2356 1300 2441 praeleclum
1347 2356 1455 2433 est,
1513 2357 1790 2416 Vilitator
1823 2359 1921 2439 Je-

207 2443 486 2503 l'uitarum
522 2461 656 2501 cum
705 2443 813 2502 suis
868 2445 1088 2525 primus
1137 2440 1531 2518 juramentum
1584 2441 1652 2496 de
1689 2458 1755 2499 eo
1810 2442 1918 2499 ser-

206 2527 396 2585 vando
441 2528 567 2609 (§§·
599 2540 698 2607 58.
743 2530 885 2607 60.)
927 2526 1145 2603 edidit,
1215 2543 1414 2588 contra
1475 2542 1615 2582 vero
1666 2524 1920 2583 adversa-

215 2611 319 2683 rii,
371 2613 472 2691 qui
504 2613 648 2670 ritus
681 2611 875 2672 {inicos
918 2612 984 2668 ab
1022 2609 1278 2670 Eccleliae
1330 2608 1574 2667 hostibus
1629 2605 1916 2667 subornati

215 2694 492 2776 (§.44.)
529 2695 600 2753 de
652 2692 1049 2776 superstitione
1091 2691 1479 2776 postularunt,
1545 2691 1757 2772 partim
1819 2688 1918 2772 ipfi

213 2779 320 2839 hos
354 2773 652 2861 gentilibus
694 2777 973 2838 defunctis
1003 2777 1347 2852 exhibuere,
1397 2773 1533 2857 (§.4
1550 2779 1633 2849 Ι.)
1686 2776 1920 2856 partim,

215 2860 315 2919 ubi
348 2881 380 2918 a
414 2862 691 2922 Pontifice
731 2862 1007 2945 prohibiti
1043 2860 1314 2934 fuissent,
1360 2858 1694 2938 Christianis
1733 2855 1920 2914 indul..

213 2945 432 3007 serunt.
476 2943 587 3025 (§.
613 2947 764 3026 60.)
811 2945 1032 3004 Rursus
1074 2945 1258 3024 igitur
1290 2960 1391 3002 aut
1442 2943 1631 3002 stolida
1678 2939 1922 3015 inscitia,

217 3046 351 3110 aut,
402 3045 468 3088 ut
511 3028 585 3087 ita
635 3031 853 3108 dicam,
906 3029 1185 3088 insaniens
1231 3025 1521 3084 calumnia
1559 3022 1671 3102 est,
1716 3023 1750 3079 fi
1791 3024 1919 3104 quis

217 3111 498 3197 JesuitaS‚
545 3113 605 3174 &
639 3115 740 3174 hos
777 3114 1011 3199 quidem
1041 3111 1225 3191 solos,
1266 3109 1546 3194 mandatis
1575 3104 1924 3188 Pontificum

217 3196 572 3259 refra&arios
604 3197 765 3256 fuisse
803 3197 1132 3257 contendat.

400 3283 471 3341 V.
518 3279 650 3345 Lite
692 3308 826 3348 vero
854 3303 954 3356 per
972 3235 1326 3346 Benedic'luuz
1354 3277 1531 3342 XIV.
1537 3280 1720 3355 finita
1743 3317 1759 3345 ,
1811 3273 1924 3355 Je-

195 3369 374 3454 suitae
404 3365 600 3456 primi
651 3378 896 3434 onmium
913 3414 933 3446 ‚
985 3383 1093 3434 aut
1142 3383 1301 3432 certe
1353 3369 1507 3428 inter
1528 3368 1756 3448 primos
1772 3361 1916 3436 fue-

1683 3457 1849 3520 runt,
1888 3493 1891 3498 ,
