2100 3682
160 150 252 240 98
609 146 857 228 Hzstoria
914 149 1426 242 Controverfiarum

159 302 502 366 *Christianis
553 299 808 363 adhiberi
874 328 992 370 non
1033 307 1226 392 posse,
1271 312 1429 393 quod
1475 331 1552 374 eae
1593 314 1659 370 ab
1702 314 1884 378 idolo·

171 391 339 454 latria
394 385 651 446 excusari
711 408 828 450 non
883 389 1141 477 possint,
1189 395 1456 478 consequi
1515 399 1731 458 necesse
1765 401 1878 478 est,

164 489 278 541 nec
317 487 521 530 vocem
566 468 834 534 Tim-clm
871 476 1123 536 adhiberi
1168 473 1357 560 posse,
1405 481 1561 562 quod
1599 500 1663 540 ea
1698 486 1882 546 idolo-

170 557 332 619 latrae
373 554 443 611 ad
499 554 852 635 fignificanda
891 563 990 621 sua
1027 560 1179 621 idola
1209 580 1469 626 utantur.
1561 568 1687 624 Nec
1736 568 1878 628 illud

169 658 230 706 te
273 655 508 697 movere
563 639 728 700 debet
761 687 779 720 ‚
854 645 1013 729 quod
1074 649 1425 708 contribules
1483 650 1561 720 D,
1623 650 1884 736 Maigrot

170 723 570 800 contendant,
647 728 784 787 Tien
843 730 1202 791 solummodo
1264 727 1481 796 coelum
1549 734 1879 812 materiale,
1952 749 1956 752 ·

170 810 266 869 vel
331 807 451 866 vim
514 807 749 869 aemam
801 815 880 875 illi
946 815 1181 876 inditam
1225 815 1565 900 fignificare,
1607 819 1770 900 proin
1808 818 1880 876 ad

167 888 590 973 fignificandum
655 914 860 957 verum
930 904 1123 957 Deum
1193 901 1440 961 adhiberi
1513 923 1628 961 non
1707 899 1881 984 posse.

168 978 288 1037 'Etfi
328 977 497 1052 [enim
547 977 602 1035 id
653 977 763 1038 illis
820 984 1178 1043 tribueretur
1216 1033 1236 1065 ,
1298 985 1629 1064 judicabant
1686 1004 1880 1045 tamen

168 1061 324 1121 illius
387 1062 663 1142 temporis
731 1064 997 1144 theologi
1035 1115 1050 1142 ,
1121 1067 1174 1125 id
1245 1091 1360 1130 non
1438 1069 1650 1129 obstare
1681 1115 1702 1145 ,
1759 1089 1882 1153 quo

168 1147 362 1204 minus
395 1161 459 1200 ea
498 1163 616 1204 vox
671 1147 740 1203 ad
795 1151 1163 1211 indicandum
1225 1173 1428 1213 verum
1481 1158 1674 1212 Deum
1741 1172 1880 1214 con·

168 1231 321 1292 verti
369 1222 561 1309 poffit.
650 1230 708 1290 Si
753 1237 905 1295 enirn
940 1282 957 1313 ,
1049 1238 1125 1295 ita
1189 1240 1471 1297 rationem
1531 1239 1719 1296 secum
1774 1237 1878 1295 ini·

166 1314 322 1389 bant,
370 1329 635 1393 tempore
670 1318 1089 1399 Apostolorum
1135 1322 1305 1403 primi
1343 1320 1642 1381 Christiani
1676 1339 1884 1382 vocem

166 1396 348 1475 Θεὲς,
406 1413 522 1477 qua
584 1399 815 1480 Graeci,
874 1403 934 1463 <Sc
993 1402 1188 1463 Latini
1239 1407 1590 1485 Saturnum,
1629 1408 1911 1487 Jovems

170 1479 578 1564 reliquumque
623 1482 863 1545 deorum
909 1507 1145 1572 gregem
1180 1489 1541 1565 indicabant,
1583 1490 1691 1549 line
1724 1489 1889 1549 erro-

168 1568 246 1637 ris
287 1562 548 1647 periculo
586 1565 655 1621 ad
697 1565 1120 1646 fignificandum
1144 1591 1346 1630 verum
1390 1576 1582 1631 Deum
1623 1573 1886 1641 traduce-

167 1668 233 1711 re
269 1663 577 1731 poterant,
619 1665 723 1708 cur
762 1672 874 1712 non
920 1658 1086 1738 primi
1128 1655 1182 1713 in
1219 1656 1406 1714 China
1448 1656 1742 1716 Christiani
1779 1677 1885 1716 vo-

167 1752 297 1794 cem
342 1735 518 1797 TI'en.
555 1737 823 1814 quamvis
853 1740 1087 1799 daretur
1116 1791 1132 1818 ‚
1177 1759 1240 1798 ea
1276 1740 1498 1799 coelum
1548 1740 1877 1815 materiale,

169 1836 271 1878 aut
339 1815 555 1877 infitam
611 1817 693 1876 illi
734 1820 853 1880 vim
900 1824 1145 1885 attivam
1185 1825 1464 1901 indicari,
1505 1844 1622 1883 non
1662 1822 1880 1907 potuis-

168 1902 288 1961 sent
325 1899 433 1959 fine
487 1906 696 1962 erroris
754 1909 1012 1987 periculo
1063 1911 1141 1967 αεὶ·
1187 1908 1635 1991 exprimendum
1672 1927 1880 1969 verum

164 1989 359 2047 Deum
385 2034 405 2066 ‚
450 2002 622 2067 quem
688 1987 994 2053 Christiani
1064 1985 1351 2069 colimus‚'
1387 1993 1580 2050 itidem
1617 1994 1881 2051 traduze-

167 2075 279 2140 re?
321 2069 461 2152 quid
493 2069 647 2126 enim
702 2071 966 2151 interest,
1012 2077 1253 2137 coelone
1307 2076 1626 2152 materiali,
1667 2096 1738 2134 an
1776 2075 1882 2134 sta-

165 2156 284 2214 tuis
320 2172 389 2212 ex
422 2172 555 2214 aere
595 2153 766 2231 susm,
805 2180 904 2221 aut
942 2159 1139 2244 lapide
1175 2158 1473 2234 formatiS,
1518 2160 1879 2220 divinitatem

165 2238 382 2298 tribuas
407 2241 428 2297 ?

432 2404 434 2407 ,
790 2327 847 2410 ᾗ
912 2330 1243 2394 xxxan

306 2405 389 2468 ΙΙ.
454 2451 494 2484 ,,
545 2408 753 2469 Statuit
791 2459 809 2490 ,
873 2414 990 2472 imo
1055 2415 1243 2474 vetuit
1278 2461 1295 2487 ,
1342 2412 1614 2489 tabellaS‚
1664 2413 1875 2493 quibus

163 2531 204 2565 ,‚
255 2507 429 2550 voces
484 2492 844 2578 [lifing-tien,
883 2499 992 2557 hoc
1031 2500 1137 2575 est,
1189 2502 1380 2561 cresum
1428 2500 1589 2559 colito
1608 2517 1627 2566 j
1670 2498 1727 2554 in
1762 2496 1883 2555 ulla

164 2621 214 2655 „
259 2574 501 2634 Ecclefia
561 2580 824 2662 deinceps
877 2583 1252 2664 appendere,
1313 2583 1372 2640 &
1414 2634 1433 2664 ‚
1484 2581 1580 2642 ubi
1617 2579 1879 2661 appensae

165 2702 210 2739 υ
258 2654 471 2735 essent,
537 2661 770 2722 aufferri
826 2662 1023 2743 jussit,
1074 2673 1282 2749 partim
1335 2669 1493 2750 quod
1537 2685 1615 2724 eae
1652 2667 1719 2719 ab
1756 2663 1874 2722 ido-

155 2786 207 2819 „
258 2737 485 2801 lolatria
505 2747 755 2805 excusari
778 2769 892 2809 non
918 2749 1151 2832 possint,
1173 2755 1382 2834 partim
1407 2750 1565 2835 quod
1585 2749 1881 2828 experien-

165 2868 211 2902 „
258 2824 335 2882 tia
370 2825 460 2883 fibi
476 2828 758 2889 constaret
781 2877 799 2908 ‚
834 2852 931 2892 eos
954 2830 1332 2896 Miffionarios
1354 2880 1369 2910 ‚
1402 2851 1656 2917 quorum
1683 2829 1877 2887 [icele-

166 2954 213 2989 υ
259 2906 340 2965 fiae
394 2907 606 2972 tabellis
664 2908 777 2973 illis
814 2934 1112 2994 carerent,
1162 2941 1278 2979 non
1319 2919 1660 2989 minorem>⁴
1688 2933 1869 2995 quam

168 3036 211 3072 ‚a
239 2990 399 3050 ,alios
428 3041 447 3072 ‚
493 2994 756 3056 laborum
818 2999 1050 3059 suorum
1092 3000 1342 3062 fructum
1379 3001 1685 3084 percipere.
1739 3047 1780 3077 ‚,

324 3077 506 3147 Quod
562 3079 631 3135 ad
674 3081 941 3144 tabellam
990 3103 1127 3144 cum
1179 3085 1548 3170 inscriptione
1587 3079 1881 3163 [sing-tim
1940 3107 1943 3111 ·

165 3157 393 3235 attinet,
442 3158 568 3236 ejus
608 3165 774 3243 origo
810 3167 930 3224 haec
968 3166 1095 3230 fuit.
1149 3171 1297 3227 Cum
1320 3173 1646 3251 Imperator
1678 3161 1876 3226 Cham-

164 3233 238 3321 hy
276 3260 427 3302 anno
472 3249 658 3325 1675.
720 3249 1050 3332 Collegium
1097 3251 1412 3310 Pekinense
1458 3249 1766 3330 inviseret,
1810 3268 1877 3308 ac

171 3326 229 3383 in
272 3324 541 3387 cubiculo
601 3333 668 3390 P.
753 3332 1037 3392 Ludovici
1095 3335 1308 3414 Buglio
1351 3333 1655 3417 paululum
1688 3353 1877 3394 mora-

165 3423 361 3484 retur,
410 3428 646 3494 arrtpto
669 3411 978 3494 pennicillo
1019 3415 1193 3477 distas
1230 3437 1402 3477 voces
1426 3419 1719 3495 exaravit,
1755 3436 1882 3478 mo·

1715 3517 1801 3562 re-
