2090 3687
793 124 1219 175 mmmm:
1605 105 1801 160 XXIII

153 260 360 355 liquit
405 282 563 330 cum,
641 270 794 328 tota
856 253 1227 347 paraphrafi
1276 250 1536 346 integri
1608 266 1867 329 textus

157 354 534 436 Confucii,
605 349 788 443 (28)
868 376 902 422 a
988 349 1277 443 Jesuitis
1349 348 1870 443 ParifiensibUS,

149 456 274 527 vel
350 449 992 546 Antverpienfibus
1074 448 1155 520 ad
1206 443 1661 539 Aymonium
1701 474 1864 544 per-

148 553 442 623 venerit
489 548 527 624 ,Ρ
598 545 976 644 praesertim
1065 545 1253 641 quod
1316 543 1463 636 ipse
1551 544 1873 640 Bayerus

148 641 330 741 (29)
386 651 611 737 dicat,
671 647 1015 717 incertum
1072 641 1261 728 effe,
1314 665 1446 737 qua
1498 643 1567 714 id
1614 645 1736 719 ille
1762 648 1874 720 via

150 747 563 819 obtinuerit.
667 739 994 816 Profecito
1065 758 1144 814 ut
1204 738 1491 832 Jesuitae
1556 742 1625 813 id
1706 767 1874 817 cum

152 867 241 914 eo
279 841 900 926 communicamur,
953 838 1166 911 fidem
1226 861 1509 910 omnem
1566 836 1872 933 superat.

148 941 324 1011 Cum
368 956 494 1012 tuo
528 938 834 1032 judicio,
888 938 1096 1008 tertia
1132 935 1233 1008 sui
1272 950 1468 1026 parte
1535 937 1869 1012 mutilum

148 1038 544 1121 ediderint,
598 1038 748 1134 quis
816 1035 1095 1124 eredat,
1180 1056 1302 1104 eos
1367 1049 1511 1106 tam
1585 1035 1868 1110 stolidos

145 1131 396 1220 fuisse,
461 1155 541 1206 ut
611 1136 807 1205 malas
877 1128 1027 1204 suas
1094 1148 1330 1214 arteS‚
1406 1131 1656 1226 quibus
1744 1155 1869 1206 eos
1955 1139 1957 1141 ’

145 1229 434 1305 valuisse
496 1233 847 1326 perpetim
922 1253 1204 1323 crepas,
1258 1229 1527 1303 homini
1575 1235 1868 1304 hetero-

148 1331 340 1401 doxo
413 1327 662 1424 sponte
740 1325 1191 1422 proderent?
1245 1328 1533 1416 deinde,
1606 1329 1650 1399 fi
1708 1329 1866 1424 Ay-

150 1427 428 1499 monins
488 1424 559 1499 se
614 1427 684 1497 id
747 1426 825 1497 ad
875 1424 1397 1519 patefaciendas
1443 1422 1869 1518 Jesuitarum

150 1525 426 1614 fraudes
499 1525 857 1598 editurum
909 1527 1209 1596 minatus
1288 1527 1386 1596 est
1435 1581 1454 1614 ,
1531 1546 1655 1595 cur
1729 1547 1871 1598 non

150 1619 435 1697 edidit?
503 1645 663 1694 nam
729 1621 846 1694 illa
915 1618 1220 1718 Ray-eri,
1276 1621 1672 1697 editionem
1747 1622 1872 1694 im-

149 1717 507 1811 pensarum
580 1718 1039 1808 difficultate,
1106 1735 1223 1791 aut
1290 1718 1514 1814 aliqua
1584 1721 1712 1794 alia
1794 1743 1872 1806 re
1953 1778 1957 1782 .

148 1813 604 1890 interversam
666 1815 866 1890 fuiffe
912 1872 931 1900 ,
1021 1808 1226 1913 (30)
1302 1816 1677 1890 admodum
1733 1819 1872 1889 eal-

147 1939 232 1987 va
289 1913 493 2003 sunt,
572 1912 957 2008 praesertim
1024 1914 1069 1985 fi
1135 1915 1452 2006 cogiteS‚
1525 1912 1869 2007 Belgium

145 2036 223 2085 ea
270 2013 690 2104 tempestate
749 2010 1174 2087 famosorum
1209 2015 1279 2084 iu
1317 2009 1615 2103 Jesuitas
1661 2013 1872 2085 libel-

143 2109 370 2181 lorum
438 2107 840 2194 -foecundam
913 2109 1264 2183 officinam
1334 2107 1550 2181 fuiffe.
1686 2108 1871 2182 Rur-

141 2203 254 2278 sus
331 2206 686 2301 inquirere
766 2207 1164 2294 debuisses,
1236 2231 1374 2303 quo
1443 2207 1657 2279 modo
1744 2204 1868 2297 Je-

143 2300 339 2377 suitae
406 2304 682 2379 edendo
743 2305 1218 2394 Confucium‚
1293 2326 1539 2394 regem
1624 2303 1869 2376 Galliae

148 2398 630 2496 deceperint?
703 2405 908 2494 quid,
965 2400 1193 2498 quaeso
1228 2459 1247 2491 ‚
1289 2403 1441 2494 regi
1486 2402 1869 2475 Galliarum

143 2522 300 2571 cum
370 2499 773 2572 Confucio⁹
822 2498 1207 2575 Pontifices
1279 2524 1452 2573 vero
1513 2501 1585 2572 Sc
1631 2499 1869 2571 Cardi-

141 2597 333 2670 nales
380 2597 630 2669 itidem
677 2596 873 2671 fuifl'e
944 2598 1332 2691 deceptos,
1388 2597 1507 2693 qui
1568 2597 1656 2669 de
1715 2619 1868 2687 gra-

142 2693 221 2764 vi
286 2694 601 2788 procefl'u
669 2697 737 2766 iu
809 2695 1114 2768 materiis
1182 2695 1610 2786 theologicis
1672 2695 1865 2767 inter

144 2788 491 2882 Jesuitas,
544 2794 615 2866 &
676 2795 964 2867 aliorum
1029 2791 1345 2865 ordinum
1393 2790 1863 2864 Mifiionarios

144 2886 572 2961 sententiam
611 2895 960 2963 tulerunt
1009 2948 1027 2981 ‚
1093 2908 1234 2962 tam
1341 2893 1438 2962 est
1497 2890 1864 2967 stolidum,

145 3001 227 3058 ut
262 3009 475 3057 nemo
506 3044 524 3071 ‚
577 2988 696 3059 nisi
734 2989 1222 3061 controverfiae
1264 2987 1351 3058 de
1397 2986 1650 3058 ritibus
1713 2985 1865 3057 fini-

145 3084 245 3156 cis
290 3080 680 3157 rudiflimus
724 3087 794 3160 id
834 3085 1150 3216 potuerit
1218 3084 1291 3159 in
1343 3089 1646 3157 chartam
1701 3104 1863 3156 con-

902 3183 931 3213 *
1041 3206 1088 3271 4
1587 3180 1763 3273 jice-

219 3338 353 3405 (28)
393 3334 651 3392 Sotvellus
695 3332 963 3391 Biblioth.
1021 3334 1285 3405 Scriptor.
1339 3313 1666 3400 SocT'jesu‚
1706 3330 1860 3386 artic.

358 3408 661 3463 Intorcaetta.
703 3406 838 3475 (29)
875 3407 1128 3465 Museum
1158 3404 1401 3463 ⁴finicum
1439 3408 1600 3463 Tom.
1647 3405 1694 3458 I·
1732 3419 1859 3472 pag·

366 3495 448 3549 17.
492 3480 628 3549 (30)
671 3476 819 3536 Ibid.
