2100 3682
246 144 267 184 1
285 147 318 204 4
329 145 361 201 4
698 104 946 194 Historia
996 115 1497 201 cwztrovessamm

236 279 343 335 Sed
384 275 439 335 id
475 288 776 351 utcunque
808 268 986 331 fuerit
1011 321 1030 352 ‚
1089 265 1390 353 Cham-lzy
1443 278 1939 359 majorem'Ponti

236 363 395 439 fici,³
444 374 621 440 quam
666 356 908 432 Legati,
958 357 1237 418 rationem
1282 353 1525 436 habenS,
1573 365 1946 425 Tur-nonium
2012 410 2018 415 .

234 445 328 502 die
375 445 483 514 28.
528 438 763 518 Augusti
811 457 963 523 anno
1030 449 1217 504 12506.
1269 443 1464 501 eadem
1502 441 1646 525 pene
1687 447 1949 527 magnifi-

238 527 438 589 centia
466 570 484 603 ,
529 541 645 606 qua
679 535 815 582 ‘ante
846 541 978 580 eum
1024 544 1361 606 acceperat,
1419 531 1486 586 ab
1528 529 1583 588 se
1640 531 1863 592 dimilit.

893 611 946 687 (5.
990 610 1275 685 XLVHI,

222 745 228 749 .
419 690 645 752 Pekino
687 689 1014 772 discedens,
1082 695 1250 778 regiis
1310 695 1547 758 navibus
1599 696 1945 756 Nankinum

236 777 523 865 pervenit,
616 780 724 834 Hic
777 794 909 833 cum
961 776 1270 859 moratur,
1335 780 1656 862 Imperator
1701 781 1808 840 die
1850 798 1942 864 ις.

232 860 570 925 Decembris
615 858 767 920 edito
803 859 1033 921 decreto
1074 860 1304 936 statuit,
1348 882 1420 921 ne
1459 866 1586 946 quis
1626 871 1944 945 Europaeo·

234 969 364 1011 rum
402 947 585 1026 Iegem
626 942 1008 1006 Christianam
1043 946 1307 1031 deinceps
1350 949 1715 1030 promulgare
1757 948 1932 1022 aufit,

232 1034 327 1094 nifi
370 1031 496 1101 jure
544 1026 782 1096 iurando
817 1026 984 1088 fidem
1023 1025 1256 1107 fecerit,
1309 1032 1362 1090 se
1402 1052 1685 1113 perpetuo
1722 1034 1778 1091 in
1800 1031 1941 1091 Chi-

231 1138 306 1180 na
357 1112 725 1186 mansurum,
773 1129 829 1171 et
875 1113 1095 1194 praxim
1147 1115 1332 1175 Riccii
1372 1114 1749 1199 sequuturum
1784 1116 1934 1193 esse,

227 1201 493 1281 nullique
538 1196 1022 1257 Miffionariorum
1058 1201 1210 1282 apud
1233 1201 1389 1259 Sinas
1446 1199 1715 1259 manendi
1770 1218 1934 1280 pote.

227 1284 329 1344 stas
368 1286 559 1361 facta,
607 1283 699 1342 nisi
737 1280 1010 1362 scriptum
1047 1280 1294 1365 diploma
1333 1287 1401 1342 ab
1437 1287 1798 1366 Imperatore
1835 1284 1937 1344 ob-

227 1365 502 1427 tinuisset.
590 1368 798 1449 Itaque
835 1382 969 1426 cum
995 1369 1319 1450 periculum
1349 1366 1622 1429 univeri'ae
1657 1369 1736 1427 rei
1766 1367 1934 1426 Chri-

225 1451 409 1510 stianae
457 1449 796 1530 ingrueret,
843 1450 1139 1532 episcopi,
1188 1454 1247 1511 ὅ(
1300 1451 1637 1513 Miffionarii
1675 1453 1935 1511 omnium

221 1534 491 1594 ordinum
527 1553 633 1615 pro
657 1554 727 1595 eo
759 1535 1145 1615 impetrandO,
1192 1537 1478 1596 Pekinum
1497 1535 1763 1594 certatim
1801 1553 1937 1594 con-

222 1617 539 1690 volarunt,
591 1622 830 1693 (272)
894 1620 1039 1693 rati,
1089 1618 1160 1676 ad
1214 1619 1608 1703 tempestatem
1667 1617 1814 1678 hanc
1854 1617 1932 1676 se-

220 1702 466 1760 dandam
506 1702 564 1764 id
598 1720 782 1761 unum
816 1697 1130 1785 superesse,
1175 1718 1243 1762 ut
1271 1703 1615 1786 Imperatori
1667 1721 1791 1762 mos
1823 1721 1923 1784 ge-

223 1803 492 1863 reretur,
540 1785 847 1869 praesertim
883 1787 1039 1869 quod
1081 1789 1428 1849 'l'urnonius
1465 1786 1731 1867 responsa
1764 1784 1933 1847 sacrae

222 1871 707 1949 Congregationis
768 1868 1043 1930 hactenus
1096 1892 1212 1933 non
1294 1869 1589 1951 vulgasset.
1673 1869 1778 1928 His
1832 1865 1930 1929 ilie

219 1954 445 2014 nunciis
497 1953 793 2035 perculsus
813 1999 831 2030 ,
880 1955 1176 2015 decretum
1211 1956 1280 2013 de
1309 1957 1506 2016 ritibus
1539 1954 1795 2016 Nankini
1828 1971 1929 2011 an·

218 2058 294 2100 ⁰0
349 2055 532 2115 1707.
570 2039 663 2095 die
713 2057 818 2115 25.
875 2041 1132 2123 Januarii
1188 2040 1627 2122 promulgavit,
1672 2038 1731 2098 &
1778 2035 1928 2095 inter

217 2113 440 2184 ceteros
490 2118 910 2201 Miffionarios,
964 2126 1223 2207 quinque
1275 2127 1449 2185 etiam
1493 2124 1784 2208 ‘Jesuita5.
1834 2134 1952 2182 tot„

217 2206 371 2264 enim
410 2208 465 2265 in
504 2223 565 2263 ea
603 2209 740 2266 urbe
786 2225 997 2291 erant,
1047 2211 1114 2266 ad
1155 2209 1209 2267 id
1266 2207 1603 2269 servandum
1658 2207 1785 2284 jure
1834 2206 1927 2282 ju·

217 2289 397 2352 rando
443 2287 770 2371 compulit,
816 2293 920 2373 qui
977 2310 1176 2354 omnes
1235 2291 1451 2374 postea,
1517 2312 1695 2376 quam
1731 2290 1786 2348 id
1855 2288 1925 2344 ab

212 2376 574 2456 Imperatore
612 2376 912 2455 cognitum
950 2373 1100 2452 fuit,
1135 2395 1165 2433 e
1192 2377 1376 2434 China
1414 2377 1579 2447 ejecti
1614 2377 1764 2437 sunt.
1811 2373 1928 2430 Cu·

217 2456 469 2535 jusmodi
506 2473 698 2516 autem
747 2459 1044 2520 decretum
1080 2460 1135 2518 id
1171 2458 1387 2538 fuerit,
1463 2478 1529 2521 eo
1592 2461 1760 2536 loco,
1825 2455 1925 2516 ubi

214 2543 489 2624 responsa
533 2541 1010 2623 Congregationis
1071 2563 1371 2624 promam,
1422 2538 1788 2605 'commodius
1837 2540 1921 2597 di-

211 2644 415 2701 cetur,
464 2642 561 2700 ut,
613 2646 897 2707 quantum
937 2626 1057 2687 haec
1092 2629 1159 2684 ab
1194 2628 1296 2686 il=o
1350 2627 1648 2704 dfflrant,
1717 2622 1923 2684 meliuz

186 2704 388 2791 “poffis
424 2727 798 2788 cognoscere.
886 2711 951 2767 Id
1013 2709 1197 2768 solum
1253 2712 1342 2769 hic
1390 2733 1687 2786 memoro,
1753 2704 1919 2767 fuiss‘e

209 2797 265 2853 in
306 2810 372 2850 eo
408 2810 592 2852 ,certas
642 2791 865 2873 regulas
907 2793 1303 2875 praescriptas,
1374 2795 1686 2854 secundum
1734 2808 1918 2873 quaS,

208 2877 244 2945 fi
289 2877 358 2931 de
395 2876 598 2934 ritibus
636 2877 814 2936 finitis
858 2882 923 2936 ab
981 2882 1336 2956 Imperatore
1378 2884 1770 2957 interrogaren
1804 2893 1916 2948 ur,

207 2960 468 3018 omnibus
505 2958 958 3041 respondentium
1004 2961 1186 3034 estet,
1218 2963 1363 3043 quas
1405 2964 1702 3042 episcopus
1742 2956 1917 3016 Asca-

211 3041 447 3101 lonenfis
489 3046 668 3122 magis
705 3046 772 3102 ad
829 3045 1318 3124 exacerbandum,
1364 3065 1537 3127 quam
1598 3041 1917 3124 pacandum

202 3127 662 3207 Imperatorem,
710 3146 837 3187 tum
875 3128 944 3188 ad
988 3129 1381 3188 destruendam
1435 3131 1767 3208 reiigionen
1821 3144 1914 3184 ac-

1674 3229 1834 3271 com-

268 3387 439 3459 (272)
478 3387 559 3442 La
615 3387 790 3442 verita
842 3407 869 3442 e
918 3393 949 3442 1’
975 3391 1271 3449 innocenza
1322 3395 1405 3450 de'
1454 3392 1776 3458 Midionarii
1811 3374 1913 3448 ete.

414 3476 540 3530 pag.
594 3460 717 3517 116.
770 3478 859 3520 20.
911 3473 964 3518 et
1016 3477 1106 3522 22.
1781 3502 1788 3505 -
