2100 3682
206 132 237 183 1
250 130 331 196 30
652 105 906 189 Hzstoria
962 108 1468 188 Controveifiarum

204 266 571 352 sponderent.
613 266 814 340 (250)
866 264 1026 325 [effi
1067 263 1198 322 sunt
1222 282 1292 322 ex
1314 264 1544 346 Jesuitis
1563 266 1612 323 F
1618 264 1901 328 ranciscus

203 355 384 431 Νοεζ,
432 348 490 408 &
530 346 812 427 Casparus
863 345 1118 429 Cqfi‘ner,
1168 348 1266 429 qui
1305 351 1571 431 tempore
1621 352 1902 411 Innocen·
1982 389 1988 394 -

202 438 273 497 tii
327 436 464 494 XII.
520 431 620 492 sub
681 448 804 509 quo
857 432 1244 493 controverssa
1298 432 1505 512 agitari
1559 436 1783 515 coepit,
1831 446 1924 510 ex·

203 522 394 579 China
428 511 748 587 solventes,
791 535 939 596 pene
986 515 1088 575 sub
1124 515 1178 573 id
1214 510 1444 597 ternpus
1484 517 1536 574 in
1585 520 1786 576 urbem
1810 534 1908 574 ve-

211 620 450 677 nerant,
501 617 621 682 quo
656 597 916 661 Clemens
956 604 1058 659 XI.
1104 601 1445 659 Innocentio
1507 597 1802 676 successit,
1847 601 1912 661 ὅ(

206 703 470 770 coeptam
511 684 581 740 de
621 680 820 744 ritibus
869 683 1094 742 causam
1153 679 1454 761 diligenter
1494 683 1803 759 ventilari,
1850 683 1912 743 ὃς

209 774 280 831 ad
316 772 485 830 finem
503 765 708 826 adduci
724 765 898 843 juffit.
988 765 1410 837 Quaestionibus
1432 765 1746 826 formandis
1770 785 1914 848 prae·

208 873 370 917 erant
429 866 724 933 quatuor,
782 870 849 926 ut
899 850 1109 930 ajunt,
1173 847 1651 936 Qualificatores,
1713 866 1914 908 omnes

208 957 310 999 aut
348 930 701 1008 Generales,
743 949 844 994 ant
877 932 1248 994 Commiffarii
1305 936 1601 994 variorum
1647 933 1915 992 ordinum

210 1039 395 1102 utque
438 1020 508 1075 de
522 1014 688 1099 saell·
733 1015 1163 1089 circumstantiis
1186 1023 1359 1100 probe
1378 1018 1691 1094 constaret,
1739 1014 1919 1075 adeffe

210 1106 386 1188 juffus
423 1103 495 1161 est
532 1106 597 1161 P.
639 1119 670 1155 a
706 1100 1003 1177 Leoniffa‚
1052 1102 1267 1162 ordinis
1311 1100 1606 1160 Minorum
1636 1146 1654 1177 ,
1699 1098 1920 1182 episco-

215 1209 321 1273 pus
361 1185 692 1258 Rei-itenfis,
763 1189 818 1246 ὅ(
871 1187 1225 1261 multorum,
1256 1194 1340 1245 ‘ut
1378 1186 1500 1245 aesta
1533 1187 1778 1262 habent,
1819 1204 1918 1243 an-

216 1293 442 1342 norum
462 1272 517 1327 in
556 1269 744 1328 China
782 1269 1210 1339 Miffionarius3
1252 1268 1311 1327 &
1339 1315 1355 1345 ‚
1415 1286 1487 1326 ne
1538 1269 1683 1351 quid
1725 1268 1794 1325 ad
1835 1269 1920 1327 di-

212 1356 503 1436 ligentiam
562 1353 988 1431 praetermissum
1040 1354 1376 1430 videretur,
1422 1352 1689 1413 Pontifex
1741 1354 1924 1412 Caro-

213 1439 355 1501 lum
393 1438 460 1494 de
506 1440 557 1492 T
563 1453 830 1516 omnen,
878 1437 1228 1497 Patriarchae
1279 1434 1632 1495 Antioclieni
1672 1436 1919 1516 dignita-

216 1541 278 1583 te
338 1540 655 1592 ornatum,
702 1520 1200 1596 Commissarium,
1251 1518 1309 1578 ὃ(
1374 1519 1741 1579 Ἣῧῑειῑοῑετη
1787 1541 1923 1602 apo-

172 1624 175 1625 ’
215 1606 469 1667 stolicum
512 1622 647 1662 cuin
693 1604 967 1686 potestate
1019 1604 1224 1684 Legati
1261 1625 1292 1661 a
1320 1599 1496 1678 latere
1537 1620 1635 1685 per
1675 1605 1922 1662 Chinam

219 1692 277 1750 ὃ(
324 1688 511 1749 Indias
545 1687 885 1764 orientales,
933 1686 1083 1747 {anno
1129 1704 1316 1751 1701.
1354 1688 1444 1744 die
1482 1699 1540 1765 ς’.
1587 1687 1926 1746 Decembris

219 1772 602 1836 renunciavit.
691 1778 791 1850 IS,
842 1791 907 1830 ut
966 1775 1068 1830 bac
1125 1770 1408 1850 dignitate
1457 1789 1693 1830 ornatus
1757 1790 1930 1852 erat,

210 1858 443 1918 ‘litteras
492 1854 761 1938 sequente
799 1875 949 1914 anno
986 1856 1077 1914 die
1116 1881 1173 1934 7,
1240 1854 1405 1913 Febr.
1450 1853 1517 1915 ad
1551 1861 1630 1916 P.·
1674 1854 1929 1915 Grimal-

222 1942 363 1999 dum
398 1940 672 2013 dederat,
720 1940 1034 2021 petiitque,
1085 1957 1151 1999 ut
1185 1938 1273 1996 fibi
1323 1937 1390 1996 ad
1435 1957 1673 2021 portum
1722 1937 1932 2021 appul-

220 2023 353 2084 suro
387 2024 623 2082 modum
670 2023 942 2081 obeundae
981 2020 1343 2103 Legationis5
1393 2021 1566 2103 quern
1625 2023 1826 2082 sciebat
1860 2026 1935 2100 ab

223 2114 515 2188 Europaeo
568 2107 854 2165 diversum
916 2105 1061 2186 effe,
1129 2105 1399 2165 minutim
1449 2104 1808 2185 fignificaret,
1859 2123 1932 2163 ne

226 2191 371 2274 quid
400 2194 456 2249 in
505 2188 623 2272 ipso
666 2188 909 2270 ingressu
958 2191 1110 2272 apud
1156 2209 1388 2269 gentem
1426 2208 1657 2249 morum
1690 2191 1931 2247 suorum
2015 2210 2017 2212 ·

225 2269 634 2333 tenaciffimam
722 2273 1058 2335 offenderet.
1165 2273 1387 2330 Dehinc
1454 2273 1800 2358 comparatis
1867 2272 1937 2330 ad

233 2359 346 2418 iter
389 2359 553 2416 rebus
578 2403 596 2434 ‚
647 2362 833 2417 Roma
875 2346 1030 2439 pritis
1066 2351 1322 2426 diceffit,
1372 2375 1545 2436 quam
1584 2352 1849 2435 responsa
1869 2355 1940 2412 ad

235 2442 487 2514 Quaelita
529 2443 796 2515 {mandati
859 2440 1233 2521 Maigrotiani
1287 2440 1742 2508 absolverentur,
1833 2440 1937 2496 Iti·
2014 2462 2016 2465 ⁴

230 2542 366 2583 nere
399 2523 532 2582 usus
567 2526 860 2583 maritimo
891 2571 906 2600 ,
955 2543 1146 2607 eoque
1179 2521 1306 2581 satis
1341 2523 1617 2604 impedito
1640 2522 1712 2582 ‘in
1761 2521 1937 2583 Mala-

231 2608 446 2667 bariani
490 2608 747 2688 appulit,
806 2608 865 2665 &
906 2606 1352 2668 controversiam
1413 2606 1483 2662 de
1519 2607 1783 2686 gentium
1822 2605 1946 2663 illa-

232 2709 365 2751 rum
403 2690 600 2749 ritibus
651 2689 809 2752 edito
853 2688 1237 2748 PondifCherii
1271 2708 1422 2749 anno
1472 2705 1660 2769 1704.
1707 2688 1799 2745 die
1844 2709 1937 2770 23,

229 2774 388 2858 Junii
439 2774 673 2834 decreto
735 2775 1005 2851 diremit,
1063 2774 1222 2857 quod
1267 2772 1532 2833 Clemens
1576 2777 1673 2841 Xl.
1724 2772 1947 2831 duobus

1753 2855 1875 2936 post

309 3020 523 3088 (250)
565 3019 709 3073 Vide
787 3022 946 3074 Tom.
1015 3020 1170 3073 XIII.
1242 3019 1456 3077 Lettres
1511 3017 1790 3075 ,edifiantes
1857 3030 1952 3068 no·

453 3107 537 3144 vae
612 3090 742 3145 edit.
816 3107 940 3160 pag.
1018 3094 1132 3153 363.
1191 3089 1336 3144 Hinc
1388 3090 1728 3142 anaclzz‘us
1785 3085 1951 3140 corti*

452 3162 676 3228 genduS,
719 3160 807 3231 qui
844 3160 934 3215 cit.
981 3180 1068 3229 op.
1107 3160 1278 3231 origg.
1319 3160 1371 3214 &
1411 3158 1627 3229 Antiqq.
1661 3155 1952 3212 Christian.

449 3231 579 3288 Lib.
630 3236 706 3288 ΙΙ.
749 3251 871 3302 pag.
922 3241 1040 3299 398.
1095 3230 1358 3297 affirmat,
1399 3240 1603 3284 ceteros
1655 3245 1864 3299 quoque
1898 3225 1956 3280 in

454 3304 628 3356 Cinna
668 3301 902 3357 vicarios
944 3301 1268 3372 apostolicos
1310 3299 1587 3371 Maigroto
1624 3297 1958 3363 consensisse,

451 3389 572 3428 cum
607 3386 802 3442 praeter
831 3377 897 3427 D.
934 3373 992 3426 de
1026 3373 1235 3441 Lyone‚
1278 3371 1334 3442 &
1370 3374 1430 3429 P.
1468 3390 1497 3426 a
1532 3366 1764 3438 Leomffa
1798 3385 1954 3422 nemo

456 3442 586 3500 effet
611 3485 630 3515 ‚
670 3442 762 3516 qui
800 3445 867 3499 ab
906 3462 969 3497 eo
998 3443 1226 3502 steterit.
